<record><leader>00000cas a2200000 a 4500</leader><controlfield tag="001">33135706</controlfield><controlfield tag="008">950914u1924uuuufluwr ne      0    0eng c</controlfield><datafield ind1=" " ind2=" " tag="010"><subfield code="a">sn 95026711 </subfield></datafield><datafield ind1=" " ind2=" " tag="040"><subfield code="a">FUG</subfield><subfield code="b">eng</subfield><subfield code="c">FUG</subfield><subfield code="d">OCLCQ</subfield><subfield code="d">OCLCF</subfield><subfield code="d">OCLCO</subfield></datafield><datafield ind1=" " ind2=" " tag="012"><subfield code="i">9509</subfield></datafield><datafield ind1="1" ind2=" " tag="029"><subfield code="a">AU@</subfield><subfield code="b">000025891650</subfield></datafield><datafield ind1=" " ind2=" " tag="042"><subfield code="a">pcc</subfield></datafield><datafield ind1=" " ind2=" " tag="043"><subfield code="a">n-us-fl</subfield></datafield><datafield ind1="0" ind2="0" tag="245"><subfield code="a">Dunedin times.</subfield></datafield><datafield ind1=" " ind2=" " tag="260"><subfield code="a">Dunedin, Fla. :</subfield><subfield code="b">Dunedin Times</subfield></datafield><datafield ind1=" " ind2=" " tag="300"><subfield code="a">v.</subfield></datafield><datafield ind1=" " ind2=" " tag="310"><subfield code="a">Weekly</subfield></datafield><datafield ind1="1" ind2=" " tag="362"><subfield code="a">Began Feb. 1924.</subfield><subfield code="z">Cf. Gregory, W. Amer. newspapers, 1937.</subfield></datafield><datafield ind1=" " ind2=" " tag="530"><subfield code="a">Also issued on microfilm from the University of Florida.</subfield></datafield><datafield ind1=" " ind2=" " tag="588"><subfield code="a">Description based on: Vol. 65, no. 10 (Mar. 21, 1988).</subfield></datafield><datafield ind1=" " ind2=" " tag="588"><subfield code="a">Latest issue consulted: Vol. 67, no. 16 (Apr. 26, 1990).</subfield></datafield><datafield ind1=" " ind2="0" tag="651"><subfield code="a">Dunedin (Fla.)</subfield><subfield code="v">Newspapers.</subfield></datafield><datafield ind1=" " ind2="0" tag="651"><subfield code="a">Pinellas County (Fla.)</subfield><subfield code="v">Newspapers.</subfield></datafield><datafield ind1=" " ind2="7" tag="655"><subfield code="a">Newspapers.</subfield><subfield code="2">fast</subfield><subfield code="0">(OCoLC)fst01423814</subfield></datafield><datafield ind1=" " ind2="7" tag="651"><subfield code="a">Florida</subfield><subfield code="z">Dunedin.</subfield><subfield code="2">fast</subfield><subfield code="0">(OCoLC)fst01215626</subfield></datafield><datafield ind1=" " ind2="7" tag="651"><subfield code="a">Florida</subfield><subfield code="z">Pinellas County.</subfield><subfield code="2">fast</subfield><subfield code="0">(OCoLC)fst01209407</subfield></datafield><datafield ind1=" " ind2=" " tag="752"><subfield code="a">United States</subfield><subfield code="b">Florida</subfield><subfield code="c">Pinellas</subfield><subfield code="d">Dunedin.</subfield></datafield><datafield ind1="1" ind2=" " tag="776"><subfield code="c">Microfilm</subfield><subfield code="d">George A. Smathers Libraries, University of Florida</subfield><subfield code="w">(DLC)sn 96027624</subfield><subfield code="w">(OCoLC)35213298</subfield></datafield><datafield ind1=" " ind2=" " tag="850"><subfield code="a">FU</subfield></datafield></record>